@article{mcdaniel2012, 
  title={Using applets and video instruction to foster students' understanding of sampling variability}, 
  volume={6}, 
  number={1}, 
  journal={Technology Innovations in Statistics Education}, 
  author={McDaniel, Scott N. and Green, Lisa B.}, 
  year={2012}, 
  pages={1-17}
}

@article{chance2007, 
  title={The role of technology in improving student learning of statistics}, 
  volume={1}, 
  number={1}, 
  journal={Technology Innovations in Statistics Education}, 
  author={Chance, B. and Ben-Zvi, D. and Garfield, J. and Medina, E.}, 
  year={2007}
}

@article{delMas1999, 
  title={A model of classroom research in action: developing simulation activities to improve students' statistical reasoning}, 
  volume={7}, 
  number={3}, 
  journal={Journal of Statistics Education}, 
  author={delMas, R. and Garfield, J. and Chance, B.}, 
  year={1999}
}

@article{bobek2016, 
  title={Creating visual explanations improves learning}, 
  volume={1}, 
  number={1}, 
  journal={Cognitive Research: Principles and Implications}, 
  author={Bobek, Eliza and Tversky, Barbara}, 
  year={2016}
}

@book{ASA2005, 
  title={Guidelines for Assessment and Instruction in Statistics Education (GAISE): College report}, 
  place={Alexandria, VA},
  publisher={American Statistical Association}, 
  author={{American Statistical Association}}, 
  year={2005}
}

@book{ASA2014, 
  title={2014 Curriculum guidelines for undergraduate programs in statistical science}, 
  place={Alexandria, VA},
  publisher={American Statistical Association}, 
  author={{American Statistical Association}}, 
  year={2014}
}

@article{lane2006,
  author = {Lane, David and Peres, S.},
  year = {2006},
  month = {01},
  pages = {},
  title = {Interactive simulations in the teaching of statistics: promise and pitfalls},
  journal = {Proceedings of the Seventh International Conference of Teaching Statistics}
}

@book{casella2002, 
  place={Belmont, CA}, 
  title={Statistical inference}, 
  publisher={Brooks/COle Cengage Learning}, 
  author={Casella, George and Berger, Roger L.}, 
  year={2002},
  edition = {2}
}

@book{wackerly2008, 
  place={Belmont, CA}, 
  title={Mathematical Statistics with Applications}, 
  publisher={Brooks/COle Cengage Learning}, 
  author={Wackerly, Denis D. and Mendenhall III, William and Scheaffer, Richard L.}, 
  year={2008},
  edition = {7}
}

@Manual{alberto2019,
    title = {unifed: The unifed Distribution},
    author = {Oscar Alberto {Quijano Xacur}},
    year = {2019},
    note = {R package version 1.1.1},
    url = {https://CRAN.R-project.org/package=unifed},
 }

@article{aberson2002, 
  title={An Interactive Tutorial for Teaching Statistical Power}, 
  volume={10}, 
  DOI={10.1080/10691898.2002.11910682}, 
  number={3}, 
  journal={Journal of Statistics Education}, 
  author={Aberson, Christopher L. and Berger, Dale E. and Healy, Michael R. and Romero, Victoria L.}, 
  year={2002}
}

@article{andersoncook2003,
  author = {C. M. Anderson-Cook and Sundar Dorai-Raj},
  title = {Making the Concepts of Power and Sample Size Relevant and Accessible to Students in Introductory Statistics Courses using Applets},
  journal = {Journal of Statistics Education},
  volume = {11},
  number = {3},
  pages = {null},
  year  = {2003},
  publisher = {Taylor & Francis},
  doi = {10.1080/10691898.2003.11910721},
}

@book{rossman2004,
  title = {The Rossman/Chance Applet Collection}, 
  author={Rossman, A. and Chance, B.},
  publisher={Available at http://www.rossmanchance.com/applets/.},
  year={2004}
}

@article{doi2016, 
  title={Web application teaching tools for statistics using {R} and {S}hiny}, 
  volume={9}, 
  number={1}, 
  journal={Technology Innovations in Statistics Education}, 
  author={Doi, Jimmy and Gail, Potter and Wong, Jimmy and Alcaraz, Irvin and Peter, Chi}, 
  year={2016}
}

@article{green2015,
  author = {Jennifer L. Green and Erin E. Blankenship},
  title = {Fostering Conceptual Understanding in Mathematical Statistics},
  journal = {The American Statistician},
  volume = {69},
  number = {4},
  pages = {315-325},
  year  = {2015},
  publisher = {Taylor & Francis},
  doi = {10.1080/00031305.2015.1069759}
}
