@article{aberson2002, 
  title={An Interactive Tutorial for Teaching Statistical Power}, 
  volume={10}, 
  DOI={10.1080/10691898.2002.11910682}, 
  number={3}, 
  journal={Journal of Statistics Education}, 
  author={Aberson, Christopher L. and Berger, Dale E. and Healy, Michael R. and Romero, Victoria L.}, 
  year={2002},
  pages = {1-7}
}

@book{ASA2016, 
  title={Guidelines for Assessment and Instruction in Statistics Education (GAISE): College report}, 
  place={Alexandria, VA},
  publisher={American Statistical Association}, 
  author={{American Statistical Association}}, 
  year={2016}
}

@book{ASA2014, 
  title={2014 Curriculum Guidelines for Undergraduate Programs in Statistical Science}, 
  place={Alexandria, VA},
  publisher={American Statistical Association}, 
  author={{American Statistical Association}}, 
  year={2014}
}

@article{andersoncook2003,
  author = {C. M. Anderson-Cook and Sundar Dorai-Raj},
  title = {Making the Concepts of Power and Sample Size Relevant and Accessible to Students in Introductory Statistics Courses Using Applets},
  journal = {Journal of Statistics Education},
  volume = {11},
  number = {3},
  year  = {2003},
  publisher = {Taylor & Francis},
  doi = {10.1080/10691898.2003.11910721},
  pages = {1-12}
}

@article{bobek2016, 
  title={Creating Visual Explanations Improves Learning}, 
  volume={1}, 
  number={1}, 
  journal={Cognitive Research: Principles and Implications}, 
  author={Bobek, Eliza and Tversky, Barbara}, 
  year={2016},
  pages = {1-14}
}

@book{casella2002, 
  place={Belmont, CA}, 
  title={Statistical inference}, 
  publisher={Brooks/Cole Cengage Learning}, 
  author={Casella, George and Berger, Roger L.}, 
  year={2002},
  edition = {2}
}

@article{chance2007, 
  title={The Role of Technology in Improving Student Learning of Statistics}, 
  volume={1}, 
  number={1}, 
  journal={Technology Innovations in Statistics Education}, 
  author={Chance, B. and Ben-Zvi, D. and Garfield, J. and Medina, E.}, 
  year={2007},
  pages = {1-26}
}

@article{delMas1999, 
  title={A Model of Classroom Research in Action: Developing Simulation Activities to Improve Students' Statistical Reasoning}, 
  volume={7}, 
  number={3}, 
  journal={Journal of Statistics Education}, 
  author={delMas, R. and Garfield, J. and Chance, B.}, 
  year={1999},
  pages = {1-16}
}

@article{doi2016, 
  title={Web Application Teaching Tools for Statistics Using {R} and {S}hiny}, 
  volume={9}, 
  number={1}, 
  journal={Technology Innovations in Statistics Education}, 
  author={Doi, Jimmy and Gail, Potter and Wong, Jimmy and Alcaraz, Irvin and Peter, Chi}, 
  year={2016},
  pages = {1-33}
}

@article{green2015,
  author = {Jennifer L. Green and Erin E. Blankenship},
  title = {Fostering Conceptual Understanding in Mathematical Statistics},
  journal = {The American Statistician},
  volume = {69},
  number = {4},
  pages = {315-325},
  year  = {2015},
  publisher = {Taylor & Francis},
  doi = {10.1080/00031305.2015.1069759}
}

@article{lane2006,
  author = {Lane, David and Peres, S.},
  year = {2006},
  month = {01},
  pages = {},
  title = {Interactive Simulations in the Teaching of Statistics: Promise and Pitfalls},
  journal = {Proceedings of the Seventh International Conference of Teaching Statistics}
}

@article{marengo2017,
author = {Marengo, James and Farnsworth, David and Stefanic, Lucas},
year = {2017},
month = {09},
pages = {1-6},
title = {A Geometric Derivation of the Irwin-Hall Distribution},
volume = {2017},
journal = {International Journal of Mathematics and Mathematical Sciences},
doi = {10.1155/2017/3571419}
}

@article{mcdaniel2012, 
  title={Using Applets and Video Instruction to Foster Students' Understanding of Sampling Variability}, 
  volume={6}, 
  number={1}, 
  journal={Technology Innovations in Statistics Education}, 
  author={McDaniel, Scott N. and Green, Lisa B.}, 
  year={2012}, 
  pages={1-17}
}

@Manual{alberto2019,
    title = {unifed: The Unifed Distribution},
    author = {Oscar Alberto {Quijano Xacur}},
    year = {2019},
    note = {{R} package version 1.1.1},
    url = {https://CRAN.R-project.org/package=unifed},
 }

@Manual{post2016,
    title = {Interactive Math Stat Visualizations Using R Shiny},
    author = {Justin Post},
    year = {2016},
    note = {Poster presented at the Electronic Conference on Teaching Statistics.}
 }

@book{rossman2004,
  title = {The Rossman/Chance Applet Collection}, 
  author={Rossman, A. and Chance, B.},
  publisher={Available at http://www.rossmanchance.com/applets/.},
  year={2004}
}

@book{wackerly2008, 
  place={Belmont, CA}, 
  title={Mathematical Statistics with Applications}, 
  publisher={Brooks/Cole Cengage Learning}, 
  author={Wackerly, Denis D. and Mendenhall III, William and Scheaffer, Richard L.}, 
  year={2008},
  edition = {7}
}

@article{wild2011,
  author = {Wild, C. J. and Pfannkuch, M. and Regan, M. and Horton, N. J.},
  title = {Towards More Accessible Conceptions of Statistical Inference},
  journal = {Journal of the Royal Statistical Society: Series A (Statistics in Society)},
  volume = {174},
  number = {2},
  pages = {247-295},
  keywords = {Computer animations, Informal inference, Sampling variation, Statistical inference, Statistics education},
  doi = {10.1111/j.1467-985X.2010.00678.x},
  url = {https://rss.onlinelibrary.wiley.com/doi/abs/10.1111/j.1467-985X.2010.00678.x},
  eprint = {https://rss.onlinelibrary.wiley.com/doi/pdf/10.1111/j.1467-985X.2010.00678.x},
  year = {2011}
}
