@article{mcdaniel2012, 
  title={Using applets and video instruction to foster students' understanding of sampling variability}, 
  volume={6}, 
  number={1}, 
  journal={Technology Innovations in Statistics Education}, 
  author={McDaniel, Scott N. and Green, Lisa B.}, 
  year={2012}, 
  pages={1-17}
}
